
@article{elisa,
	author =		"Alberto Compagno and Mauro Conti and Daniele Lain and Giulio Lovisotto and Luigi Vincenzo Mancini",
	title =			"Boten {ELISA}: A novel approach for botnet {C\&C} in {Online Social Networks}",
	journal =		"IEEE Conference on Communications and Network Security (CNS), 2015",
	pages =			"74--82",
	year =			"2015"
}

@article{iscx,
	author =		"Elaheh Biglar Beigi and Hossein Hadian Jazi and Natalia Stakhanova and Ali A. Ghorbani",
	title =			"{Towards Effective Feature Selection in Machine Learning-Based Botnet Detection Approaches}",
	journal =		"IEEE Conference on Communications and Network Security (CNS), 2014",
	pages =			"247--255",
	year =			"2014"
}

@article{disclosure,
	author =		"Leyla Bilge and Davide Balzarotti and William Robertson and Engin Kirda and Christopher Kruegel",
	title =			"{DISCLOSURE: Detecting Botnet Command and Control Servers Through Large-Scale NetFlow Analysis}",
	journal =		"28th Annual Computer Security Applications Conference",
	pages =			"129--138",
	year =			"2012"
}

@article{bottrack,
	author =		"Jér{\^o}me François and Shaonan Wang and Radu State and Thomas Engel",
	title =			"{BotTrack: Tracking Botnets Using NetFlow and PageRank}",
	journal =		"IFIP Networking 2011",
	pages =			"1--14",
	year =			"2011"
}

@article{measuring-botnets,
	author =		"W. Chang and A. Mohaisen and A. Wang and S. Chen",
	title =			"{Measuring botnets in the wild: Some new trends}",
	journal =		"ASIACCS",
	pages =			"645--650",
	year =			"2015"
}

@article{botnets-survey,
	author =		"S. S. C. Silva and R. M. P. Silva and R. C. G. Pinto and R. M. Salles",
	title =			"{Botnets: A survey}",
	journal =		"Computer Networks",
	volume =		"57",
	number =		"2",
	pages =			"378--403",
	year =			"2013"
}

@book{design-patterns,
	author    = "Erich Gamma and Richard Helm and Ralph Johnson nad John Vlissides",
	title     = "{Design Patterns: Elements of Reusable Object-Oriented Software}",
	year      = "1994",
	publisher = "Addison-Wesley"
}

@article{roc-analysis,
	author =	"Tom Fawcett",
	title ="{An introduction to ROC analysis}",
	journal =	"Pattern Recognition Letters",
	volume =	"27",
	pages ="861--874",
	year ="2006"
}

@article{classifier-evaluation,
	author =	" David Powers M. W.",
	title ="{Evaluation: From Precision, Recall and F-Measure to ROC, Informedness, Markedness \& Correlation}",
	journal =	"Journal of Machine Learning Technologies",
	volume =	"2",
	pages ="37--63",
	year ="2011"
}

@article{cisco,
	title={Cisco systems NetFlow services export version 9},
	author={Claise, Benoit},
	year={2004}
}

@article{scikit-learn,
	title={Scikit-learn: Machine Learning in {P}ython},
	author={Pedregosa, F. and Varoquaux, G. and Gramfort, A. and Michel, V.
	and Thirion, B. and Grisel, O. and Blondel, M. and Prettenhofer, P.
	and Weiss, R. and Dubourg, V. and Vanderplas, J. and Passos, A. and
	Cournapeau, D. and Brucher, M. and Perrot, M. and Duchesnay, E.},
	journal={Journal of Machine Learning Research},
	volume={12},
	pages={2825--2830},
	year={2011}
}

@Misc{scipy,
	author =    {Eric Jones and Travis Oliphant and Pearu Peterson and others},
	title =     {{SciPy}: Open source scientific tools for {Python}},
	year =      {2001--2016},
	howpublished = {\url{http://www.scipy.org/}}
}

@Article{random-forest,
	author="Breiman, Leo",
	title="Random Forests",
	journal="Machine Learning",
	year="2001",
	volume="45",
	number="1",
	pages="5--32"
}

@Article{numpy,
	author ={Stéfan van der Walt and S. Chris Colbert and Gaël Varoquaux},
	title =	{The NumPy Array: A Structure for Efficient Numerical Computation},
	journal = {Computing in Science \& Engineering},
	volume = {13},
	year =	{2011},
	pages =	{22--30}
} 

@Article{matplotlib,
	author    = {Hunter, J. D.},
	title     = {Matplotlib: A 2D graphics environment},
	journal   = {Computing In Science \& Engineering},
	volume    = {9},
	number    = {3},
	pages     = {90--95},
	publisher = {IEEE COMPUTER SOC},
	year      = 2007
}

@inproceedings{dbscan,
	title={A density-based algorithm for discovering clusters in large spatial databases with noise},
	author={Ester, Martin and Kriegel, Hans-Peter and Sander, J{\"o}rg and Xu, Xiaowei},
	booktitle={Proceedings of the 2nd International Conference on Knowledge Discovery and Data Mining}
	volume={96},
	number={34},
	pages={226--231},
	year={1996}
}

@inproceedings{networkx,
	author = {Aric A. Hagberg and Daniel A. Schult and Pieter J. Swart},
	title = {Exploring network structure, dynamics, and function using {NetworkX}},
	year = {2008},
	month = Aug,
	urlpdf = {http://math.lanl.gov/~hagberg/Papers/hagberg-2008-exploring.pdf},
	booktitle = {Proceedings of the 7th Python in Science Conference (SciPy2008)},
	editors = {G\"{a}el Varoquaux, Travis Vaught, and Jarrod Millman},
	address = {Pasadena, CA USA},
	pages = {11--15}
}

@book{whireshark,
	author = {Orebaugh, Angela and Ramirez, Gilbert and Beale, Jay and Wright, Joshua},
	title = {Wireshark \& Ethereal Network Protocol Analyzer Toolkit},
	year = {2007},
	publisher = {Syngress Publishing}
}

@article{python,
	author = {Oliphant, Travis E.},
	title = {Python for Scientific Computing},
	journal = {Computing in Science \& Engineering},
	issue_date = {May 2007},
	volume = {9},
	number = {3},
	month = may,
	year = {2007},
	pages = {10--20},
	publisher = {IEEE Educational Activities Department},
	address = {Piscataway, NJ, USA}
} 

@Misc{hna-notes,
	author =    {von Ahn, Luis},
	title =     {Hubs and Authorities},
	year =      {2008},
	publisher = {Carnegie Mellon University},
	work =		{Science of the Web Course Notes},
	howpublished = {\url{http://nitch.marketing/science-interwebs/}}
}

@book{inf-ret,
	author =	{Christopher D. Manning and Prabhakar Raghavan and Hinrich Schütze},
	title =		{Introduction to Information Retrieval},
	publisher =	{Cambridge University Press},
	year =		{2008}
}

@article{hist,
	author = {Kleinberg, Jon M.},
	title = {Authoritative Sources in a Hyperlinked Environment},
	journal = {JACM},
	volume = {46},
	number = {5},
	year = {1999},
	pages = {604--632},
	publisher = {ACM}
} 

@article{random-forrest,
	author ={Leo Breimanq},
	title = {Random Forests},
	journal = {Machine Learning},
	year = {2001},
	volume = {45},
	issue = {1},
	pages = {5--32}
}

@Misc{tcpdump
	title = {Tcpdump and libpcap},
	howpublished = {\url{http://www.tcpdump.org}}
}

@article{iscx-bot,
	author ={A. Shiravi and H. Shiravi and M. Tavallaee and A. A. Ghorbani},
	title = {Toward developing a systematic approach to generate benchmark datasets for intrusion detection},
	journal = {Computers \& Security},
	year = {2012},
	volume = {31},
	number = {3},
	pages = {357–-374}
}

@Misc{wolfram,
	author = {Wolfram Alpha LLC},
	title = {Wolfram|Alpha},
	howpublished = {\url{http://www.wolframalpha.com/}}
}

@article{ds1,
	author ={D. Zhao and I. Traore and B. Sayed and W. Lu and S. Saad and A. Ghorbani and D. Garant},
	title = {Botnet detection based on traffic behavior analysis and flow intervals},
	journal = {Computers \& Security},
	year = {2013}
}

@Misc{ds3,
	author = {S. Garcia},
	title = {Malware capture facility project, cvut	university},
	howpublished = {\url{https://mcfp.agents.fel.cvut.cz}}
}

@article{taxonomy,
	title={A taxonomy of botnet behavior, detection, and defense},
	author={Khattak, Sheharbano and Ramay, Naurin Rasheed and Khan, Kamran Riaz and Syed, Affan A and Khayam, Syed Ali},
	journal={IEEE Communications Surveys \& Tutorials},
	volume={16},
	number={2},
	pages={898--924},
	year={2014},
	publisher={IEEE}
}

@inproceedings{ml_botnet,
	title={Using machine learning techniques to identify botnet traffic},
	author={C. Livadas, R. Walsh, D. Lapsley, and W. Strayer},
	journal={2nd IEEELCN Workshop on Network Security},
	year={2006}
}

@inproceedings{botfinder,
	title={Botfinder: Finding bots in network traffic without deep packet inspection},
	author={Tegeler, Florian and Fu, Xiaoming and Vigna, Giovanni and Kruegel, Christopher},
	booktitle={Proceedings of the 8th international conference on Emerging networking experiments and technologies},
	pages={349--360},
	year={2012},
	organization={ACM}
}

@inproceedings{bothunter,
	title={Bothunter: Detecting malware infection through ids-driven dialog correlation.},
	author={Gu, Guofei and Porras, Phillip A and Yegneswaran, Vinod and Fong, Martin W and Lee, Wenke},
	booktitle={Usenix Security},
	volume={7},
	pages={1--16},
	year={2007}
}